[
@book{Jacobson1999,
  address = {Massachusetts, USA},
  author = {Ivar Jacobson, Grady Booch, James Rumbaugh},
  keywords = {UP},
  publisher = {Addison-Wesley},
  title = {The Unified Software Development Process},
  year = 1999
},
@book{Larman2004,
  author = {Craig Larman},
  title = {Applying UML and Patterns: An Introduction to Object-Oriented Analysis and Design and Iterative Development (3rd Edition)},
  month = {October},
  publisher = {Prentice Hall PTR},
  year = 2004
},
@book{riel_2001,
    place={Madrid}, 
    title={Comunicaci{\'o}n corporativa},
    publisher={Prentice Hall},
    author={Riel, Cees B. M. van.},
    year={2001}
},

@book{castro_2007,
    place={Sevilla},
    title={El auge de la comunicaci{\'o}n corporativa},
    howpublised="\url{http://roa.ult.edu.cu/bitstream/123456789/3519/1/Libro%20Comunicacion%20Corporativa.pdf}",
    author={Castro, Benito},
    year={2007}
},
@misc{linkedin,
    title={LinkedIn: 81\% of Small and Medium-Sized Businesses Use Social Media},
    howpublished = "\url{https://mashable.com/2014/02/13/linkedin-social-media-study}",
    note={Accedido: 2/3/2020}
},
@article{grande2015casos,
    title={Casos de {\'e}xito en redes sociales digitales de las administraciones p{\'u}blicas.},
    author={Grande, J Ignacio Criado and Mart{\'\i}n, Francisco Rojas and i Baget, Jes{\'u}s Palomar and Losada, Alejandro Salgado and Navarro, Jos{\'e} Mar{\'\i}a Blanco and Barrero, David F and M{\'e}ndez, Antonio D{\'\i}az and Grande, Francisco Rojas Mart{\'\i}n and Losada, Alejandro Salgado and Pascual, Antonio Ib{\'a}{\~n}ez and others},
    pages={4},
    year={2015}
},
@misc{appstore,
    title={Number of available apps in the Apple App Store from 1st quarter 2015 to 4th quarter 2019},
    howpublished = "\url{https://www.statista.com/statistics/779768/number-of-available-apps-in-the-apple-app-store-quarter/}",
    note={Accedido: 2/3/2020}
},
@misc{playstore,
    title={Number of available apps at Google Play from 2nd quarter 2015 to 4th quarter 2019},
    howpublished = "\url{https://www.statista.com/statistics/289418/number-of-available-apps-in-the-google-play-store-quarter/}",
    note={Accedido: 2/3/2020}
},
@article{nadaraja2013socialmediamarketing,
    author = {Nadaraja, Rubathee and Yazdanifard, Assc. Prof. Dr. Rashad},
    year = {2013},
    month = {09},
    pages = {5-7},
    title = {Social Media Marketing SOCIAL MEDIA MARKETING: ADVANTAGES AND DISADVANTAGES}
}
]