[
@misc{appstore,
  title        = {Number of available apps in the Apple App Store from 1st quarter 2015 to 4th quarter 2019},
  howpublished = {\url{https://www.statista.com/statistics/779768/number-of-available-apps-in-the-apple-app-store-quarter/}},
  note         = {Accedido: 2/3/2020}
},
@book{basesdedatos-rama,
  place     = {Madrid},
  title     = {Bases de datos: desde Chen hasta Codd con Oracle},
  publisher = {RA-MA Editorial},
  author    = {Luque Ruiz, I. and Gómez-Nieto, M. A. and López Espinosa, E. and Cerruela García, G.},
  year      = 2001
},
@misc{castro_2007,
  title       = {El auge de la comunicaci{\'o}n corporativa},
  author      = {Castro, Benito},
  howpublised = {\url{http://roa.ult.edu.cu/bitstream/123456789/3519/1/Libro%20Comunicacion%20Corporativa.pdf}},
  year        = {2007}
},
@misc{dispositivos_internet_2019,
  title        = {Dispositivos de acceso a Internet en 2019},
  url          = {https://www.ontsi.red.es/es/indicadores/Hogares-y-ciudadanos/Internet/Dispositivos-de-acceso-Internet},
  howpublished = {\url{https://www.ontsi.red.es/es/indicadores/Hogares-y-ciudadanos/Internet/Dispositivos-de-acceso-Internet}},
  year         = {2019},
  note         = {Accedido: 14/3/2021}
},
@article{grande2015casos,
  title     = {Casos de {\'e}xito en redes sociales digitales de las administraciones p{\'u}blicas.},
  author    = {Grande, J Ignacio Criado and Mart{\'\i}n, Francisco Rojas and i Baget, Jes{\'u}s Palomar and Losada, Alejandro Salgado and Navarro, Jos{\'e} Mar{\'\i}a Blanco and Barrero, David F and M{\'e}ndez, Antonio D{\'\i}az and Grande, Francisco Rojas Mart{\'\i}n and Losada, Alejandro Salgado and Pascual, Antonio Ib{\'a}{\~n}ez and others},
  journal   = {Collecció obres digitals},
  publisher = {Escola d'Administració Pública de Catalunya, Generalitat de Catalunya},
  pages     = {4},
  year      = {2015}
},
@misc{herramientas-social-media-1,
  title        = {Herramientas de social media marketing},
  howpublished = {\url{https://www.iomarketing.es/blog/herramientas-del-social-media-marketing/}},
  note         = {Accedido: 7/7/2020}
},
@misc{herramientas-social-media-2,
  title        = {The Top 3 Paid Social Media Marketing Tools},
  howpublished = {\url{https://keyhole.co/blog/the-top-3-paid-social-media-marketing-tools/}},
  note         = {Accedido: 11/4/2021}
},
@misc{Interfaz,
  title        = {Interfaz de usuario},
  howpublished = {\url{https://es.wikipedia.org/wiki/Interfaz_de_usuario}},
  note         = {Accedido: 6/10/2020}
},
@book{Jacobson1999,
  address   = {Massachusetts, USA},
  author    = {Ivar Jacobson, Grady Booch, James Rumbaugh},
  keywords  = {UP},
  publisher = {Addison-Wesley},
  title     = {The Unified Software Development Process},
  year      = 1999
},
 @book{Larman2004,
  author    = {Craig Larman},
  title     = {Applying UML and Patterns: An Introduction to Object-Oriented Analysis and Design and Iterative Development (3rd Edition)},
  month     = {October},
  publisher = {Prentice Hall PTR},
  year      = 2004
},
 @misc{linkedin,
  title        = {LinkedIn: 81\% of Small and Medium-Sized Businesses Use Social Media},
  howpublished = {\url{https://mashable.com/2014/02/13/linkedin-social-media-study}},
  note         = {Accedido: 2/3/2020}
},
@article{nadaraja2013social,
  title   = {Social media marketing: advantages and disadvantages},
  author  = {Nadaraja, Rubathee and Yazdanifard, Rashad},
  journal = {Center of Southern New Hempshire University},
  pages   = {1--10},
  year    = {2013}
},
@article{nadaraja2013socialmediamarketing,
  author = {Nadaraja, Rubathee and Yazdanifard, Assc. Prof. Dr. Rashad},
  year   = {2013},
  month  = {09},
  pages  = {5-7},
  title  = {Social Media Marketing SOCIAL MEDIA MARKETING: ADVANTAGES AND DISADVANTAGES}
},
@misc{playstore,
  title        = {Number of available apps at Google Play from 2nd quarter 2015 to 4th quarter 2019},
  howpublished = {\url{https://www.statista.com/statistics/289418/number-of-available-apps-in-the-google-play-store-quarter/}},
  note         = {Accedido: 2/3/2020}
},
@book{riel_2001,
  place     = {Madrid},
  title     = {Comunicaci{\'o}n corporativa},
  publisher = {Prentice Hall},
  author    = {Riel, Cees B. M. van.},
  year      = {2001}
},
@misc{web_corporativa,
  title        = {Advantages and Disadvantages of Websites For Business},
  howpublished = {\url{https://www.thecompanywarehouse.co.uk/blog/advantages-and-disadvantages-of-websites-for-business}},
  note         = {Accedido: 9/4/2020}
},
@misc{wiki_boletininformativo,
  title        = {Bolet{\'i}n informativo},
  howpublished = {\url{https://es.wikipedia.org/wiki/Bolet%C3%ADn_informativo}},
  note         = {Accedido: 2/4/2021}
},
@misc{wiki-mvc,
  title        = {Modelo-vista-controlador},
  howpublished = {\url{https://es.wikipedia.org/wiki/Modelo%E2%80%93vista%E2%80%93controlador}},
  note         = {Accedido: 7/7/2020}
}]